@article{keith2009behavioral,
	title={A behavioral analysis of passphrase design and effectiveness},
	author={Keith, Mark and Shao, Benjamin and Steinbart, Paul},
	journal={Journal of the Association for Information Systems},
	volume={10},
	number={2},
	pages={2},
	year={2009}
}

@techreport{yan2000memorability,
	title={The memorability and security of passwords--some empirical results},
	author={Yan, Jianxin and Blackwell, Alan and Anderson, Ross and Grant, Alasdair},
	year={2000},
	institution={University of Cambridge, Computer Laboratory}
}

@article{sparell2016linguistic,
	title={Linguistic Cracking of Passphrases Using Markov Chains.},
	author={Sparell, Peder and Simovits, Mikael},
	journal={IACR Cryptology ePrint Archive},
	volume={2016},
	pages={246},
	year={2016}
}

@inproceedings{rao2013effect,
	title={Effect of grammar on security of long passwords},
	author={Rao, Ashwini and Jha, Birendra and Kini, Gananand},
	booktitle={Proceedings of the third ACM conference on Data and application security and privacy},
	pages={317--324},
	year={2013},
	organization={ACM}
}

@book{weir2010using,
	title={Using probabilistic techniques to aid in password cracking attacks},
	author={Weir, Charles Matthew},
	year={2010},
	publisher={The Florida State University}
}

@article{labrandecrack,
	title={Crack Me I'm Famous: cracking weak passphrases using publicly-available sources},
	author={Labrande, Hugo}
}

